@article{Marcin2011,
   author = {Lionel Marcin and Jean-Francois Maire and Nicolas Carr\`{e}re and Eric Martin},
   doi = {10.1177/1056789510385259},
   issn = {1056-7895},
   issue = {6},
   journal = {International Journal of Damage Mechanics},
   keywords = {ceramic-matrix composites,damage mechanics,fabrics / textiles,finite element analysis,nonlinear behavior},
   month = {8},
   pages = {939-957},
   title = {Development of a Macroscopic Damage Model for Woven Ceramic Matrix Composites},
   volume = {20},
   url = {http://journals.sagepub.com/doi/10.1177/1056789510385259},
   year = {2011},
}
@article{Chaboche2002,
   author = {J. L. Chaboche and J. F. Maire},
   doi = {10.1016/S1270-9638(02)01154-9},
   issn = {12709638},
   issue = {2},
   journal = {Aerospace Science and Technology},
   keywords = {Ceramic matrix composites,Composite materials,Constitutive modeling,Damage mechanics,Mechanical behavior},
   month = {4},
   pages = {131-145},
   title = {A new micromechanics based {CDM} model and its application to {CMC}'s},
   volume = {6},
   year = {2002},
}
@article{Przybyla2024,
   author = {Craig Przybyla and Antoine D\'{e}barre and Jean-Fran\c{c}ois Maire and Emmanuel Baranger and Fr\'{e}d\'{e}ric Laurin},
   doi = {https://doi.org/10.1016/j.jeurceramsoc.2024.116888},
   journal = {Journal of European Ceramic Society},
   title = {Scaler nonlinear continuum damage models for ceramic matrix composites with and without in plane ply anisotropy at room temperature},
   volume = {45},
   issue = {2},
   year = {2025},
}
@article{2024_Bryce_GFEMgl_CMCBearing,
  author = {Mazurowski, Bryce and Przybyla, Craig and C. Armando Duarte},
  year = {Submitted},
  title = {Multiscale analysis of open holes and fasteners in {CMC}
    structures with the Generalized Finite Element Method},
  journal = {Composite Structures},
  volume = {},
  number = {},
  pages = {},
  doi = {},
  url = {},
  issn = {}
}
@book{Murakami2012,
  title={Continuum damage mechanics: a continuum mechanics approach to the analysis of damage and fracture},
  author={Murakami, Sumio},
  volume={185},
  year={2012},
  publisher={Springer Science \& Business Media}
}
